%% LaTeX2e file `proposal.bib'
%% generated by the `filecontents' environment
%% from source `"CS286 - Project Proposal"' on 2018/03/22.
%%
@article{richardson,
  title={Mining Knowledge-Sharing Sites for Viral Marketing},
  author={Matthew Richardson, Pedro Domingos},
  year={2002}
}
@article{kempe,
  title={Maximising the Spread of Influence through a Social Network},
  author={David Kempe, Jon Kleinberg, Ev´a Tardos},
  year={2003}
}
@article{wang,
  title={Scalable influence maximization for prevalent viral marketing in large-scale social networks},
  author={Wei Chen, Chi Chiu Wang, Yajun Wang},
  year={2010}
}
@article{chen,
  title={Identifying influential nodes in complex networks},
  author={Duanbing Chen, Linyuan Lü, Ming-Sheng Shang, Yi-Cheng Zhang, Tao Zhou},
  year={2012}
}
@article{liu,
  title={On the Shoulders of Giants: Incremental Influence Maximisation in Evolving Social Networks},
  author={Xiaodong Liu, Xiangke Liao, Shanshan Li, Jingying Zhang, Lisong Shao, Chenlin Huang, Liquan Xiao},
  year={2015}
}
